@article{mirzasoleiman, 
	author = "Baharan Mirzasoleimann and Amin Karbasi and Rik Sarkar and Andreas Krause", 
    title = "Distributed Submodular Maximization", 
    journal = "Journal of Machine Learning Research", 
    year = "2015", 
    pages = "1-41"
}

@article{lee, 
	author = "Jon Lee and Vahab S. Mirrokni and Viswanath Nagarajan and Maxim Sviridenko", 
    title = "Maximizing non-monotone submodular functions under matroid or knapsack constraints", 
    journal = "SIAM J. Discrete Math",
    volume = "23(4)",
    pages = "2053-2078",
    year = "2010"
}

@article{Buchbinder,
 	author = {Buchbinder, Niv and Feldman, Moran and Naor, Joseph (Seffi) and Schwartz, Roy},
 	title = {Submodular Maximization with Cardinality Constraints},
 	journal = {Proceedings of the Twenty-fifth Annual ACM-SIAM Symposium on Discrete Algorithms},
 	year = {2014},
 	pages = {1433--1452}
} 
d
@article{Buchbinder2,
	author = {Buchbinder, Niv and Feldman, Moran and Naor, Joseph (Seffi) and Schwartz, Roy},
 	title = {A tight Linear Time 1/2-Approximation for Unconstrained Submodular Maximization},
 	journal = {SIAM J. Comput.},
    volume = "44(5)",
 	year = {2014},
 	pages = "1384-1402"
}

@article{Barbosa, 
  author    = {Rafael da Ponte Barbosa and
               Alina Ene and
               Huy L. Nguyen and
               Justin Ward},
  title     = {A New Framework for Distributed Submodular Maximization},
  journal   = {CoRR},
  volume    = {abs/1507.03719},
  year      = {2015},
}

@article{Feige,
	author = {Uriel Feige and Vahab S. Mirrokni and Jan Vondrak},
    title = {Maximizing non-monotone submodular functions},
    journal = {SIAM Journal on Computing},
    volume = {40.4},
    year = {2011},
    pages = {1133-1153}
}

@article{mapreduce,
	author = {Karloff Howard and Siddharth Suri ad and Sergei Vassilvitskii},
    title = "A model of computation for MapReduce",
    journal = {Proceedings of the twenty-first annual ACM-SIAM symposium on Discrete Algorithms},
    pages = "938-948",
    year = "2010"
}

@article{sampleandprune,
 author = {Kumar, Ravi and Moseley, Benjamin and Vassilvitskii, Sergei and Vattani, Andrea},
 title = {Fast Greedy Algorithms in MapReduce and Streaming},
 journal = {ACM Trans. Parallel Comput.},
 issue_date = {October 2015},
 volume = {2},
 number = {3},
 month = sep,
 year = {2015},
 issn = {2329-4949},
 pages = {14:1--14:22},
 articleno = {14},
 numpages = {22},
 url = {http://doi.acm.org/10.1145/2809814},
 doi = {10.1145/2809814},
 acmid = {2809814},
 publisher = {ACM},
 address = {New York, NY, USA},
 keywords = {Distributed computing, MapReduce, algorithm analysis, approximation algorithms, greedy algorithms, submodular function},
} 

@misc{krause, 
	author = {Andreas Krause and Daniel Golovin},
    title = {Survey: Submodular Function Maximization},   		   howpublished="\url{ https://las.inf.ethz.ch/files/krause12survey.pdf}"
}

@article{krause2, 
	author = {Andreas Krause},
    title = "SFO: A toolbox for submodular function optimization",
    journal = {Journal of Machine Learning Research},
    year = "2010"
}
@article{Barbosa2,
  author    = {Rafael da Ponte Barbosa and
               Alina Ene and
               Huy L. Nguyen and
               Justin Ward},
  title     = {The Power of Randomization: Distributed Submodular Maximization on
               Massive Datasets},
  journal   = {CoRR},
  volume    = {abs/1502.02606},
  year      = {2015},
  url       = {http://arxiv.org/abs/1502.02606},
  timestamp = {Sat, 01 Aug 2015 14:31:53 +0200},
  biburl    = {http://dblp.uni-trier.de/rec/bib/journals/corr/BarbosaENW15},
  bibsource = {dblp computer science bibliography, http://dblp.org}
}

@article{Calinescu2007,
author="Calinescu, Gruia
and Chekuri, Chandra
and P{\'a}l, Martin
and Vondr{\'a}k, Jan",
editor="Fischetti, Matteo
and Williamson, David P.",
title="Maximizing a Submodular Set Function Subject to a Matroid Constraint",
journal="Integer Programming and Combinatorial Optimization: 12th International IPCO Conference, Ithaca, NY, USA, June 25-27, 2007. Proceedings",
year="2007",
pages="182--196",
}


    
